% Encoding: UTF-8

@Online{Foundation,
  author = {{{The Apache Software Foundation}}},
  title  = {What is Arrow?},
  url    = {https://arrow.apache.org/},
  note   = {Abgerufen: 26.11.2020},
}

@Comment{jabref-meta: databaseType:biblatex;}
